@article{magretta2002business,
  title={Why business models matter},
  author={Magretta, Joan},
  year={2002},
  publisher={Harvard Business School}
}